@Manual{ISLR,
    title = {ISLR: Data for an Introduction to Statistical Learning with
Applications in R},
    author = {Gareth James and Daniela Witten and Trevor Hastie and Rob Tibshirani},
    year = {2017},
    note = {R package version 1.2},
    url = {https://CRAN.R-project.org/package=ISLR},
  }