@article{adult,
author = {Kohavi, Ron},
year = {1997},
month = {09},
pages = {},
title = {Scaling Up the Accuracy of Naive-Bayes Classifiers: a Decision-Tree Hybrid},
journal = {KDD}
}